<record><leader>00000cas a2200000 a 4500</leader><controlfield tag="001">28492297</controlfield><controlfield tag="008">930723d19932006vauwr n       0   a0eng d</controlfield><datafield ind1=" " ind2=" " tag="010"><subfield code="a">sn 98068231 </subfield></datafield><datafield ind1=" " ind2=" " tag="040"><subfield code="a">VIC</subfield><subfield code="b">eng</subfield><subfield code="c">VIC</subfield><subfield code="d">NVK</subfield><subfield code="d">OCL</subfield><subfield code="d">NVK</subfield><subfield code="d">OCLCQ</subfield><subfield code="d">NVK</subfield><subfield code="d">OCLCQ</subfield><subfield code="d">OCLCF</subfield><subfield code="d">OCLCO</subfield></datafield><datafield ind1="1" ind2=" " tag="029"><subfield code="a">AU@</subfield><subfield code="b">000022178013</subfield></datafield><datafield ind1=" " ind2=" " tag="042"><subfield code="a">msc</subfield></datafield><datafield ind1=" " ind2=" " tag="043"><subfield code="a">n-us-va</subfield></datafield><datafield ind1="0" ind2="4" tag="245"><subfield code="a">The Burke times.</subfield></datafield><datafield ind1="1" ind2="7" tag="246"><subfield code="a">Times</subfield></datafield><datafield ind1=" " ind2=" " tag="260"><subfield code="a">Springfield, Va. :</subfield><subfield code="b">ArCom Pub.,</subfield><subfield code="c">-2006.</subfield></datafield><datafield ind1=" " ind2=" " tag="300"><subfield code="a">v. :</subfield><subfield code="b">ill. ;</subfield><subfield code="c">57 cm.</subfield></datafield><datafield ind1=" " ind2=" " tag="310"><subfield code="a">Weekly</subfield></datafield><datafield ind1="1" ind2=" " tag="362"><subfield code="a">Began Feb. 1993. Cf. Springfield times courier, v. 1, no. 23 (July 15, 1993).</subfield></datafield><datafield ind1="0" ind2=" " tag="362"><subfield code="a">-122nd year, no. 5 (Mar. 30, 2006).</subfield></datafield><datafield ind1=" " ind2=" " tag="500"><subfield code="a">"Times Community Newspapers."</subfield></datafield><datafield ind1=" " ind2=" " tag="500"><subfield code="a">Publishers: Times Community Newspapers, Jan. 1997-</subfield></datafield><datafield ind1=" " ind2=" " tag="525"><subfield code="a">Contains advertising and real estate supplements.</subfield></datafield><datafield ind1=" " ind2=" " tag="530"><subfield code="a">Available on microfilm from UMI.</subfield></datafield><datafield ind1=" " ind2=" " tag="580"><subfield code="a">ArCom Pub., and Times Community Newspapers, under Arthur Arundel and Peter Arundel, also published: Reston times, Herndon times, Centreville times, Chantilly times, Springfield times courier, Springfield times, Loudoun times-mirror, Eastern Loudoun times, Fauquier times-democrat, Vienna times, Clarke courier, Clarke times-courier, Rappahannock news, Providence journal and McLean times, McLean times, McLean times &amp; Providence journal, Great Falls times, Fairfax times, Fairfax Station times, Annandale times, Gainesville times, Loudoun Friday times.</subfield></datafield><datafield ind1=" " ind2=" " tag="580"><subfield code="a">Merged with: the Springfield times and the Fairfax Station times to form the Times (Springfield, Burke, Fairfax Station Edition).</subfield></datafield><datafield ind1=" " ind2=" " tag="580"><subfield code="a">Weekender (Reston, Va.) issued with Burke times, 1994-</subfield></datafield><datafield ind1=" " ind2=" " tag="588"><subfield code="a">Description based on: Vol. 2, no. 7 (Mar. 24, 1994).</subfield></datafield><datafield ind1=" " ind2="0" tag="651"><subfield code="a">Springfield (Va.)</subfield><subfield code="v">Newspapers.</subfield></datafield><datafield ind1=" " ind2="0" tag="651"><subfield code="a">Fairfax County (Va.)</subfield><subfield code="v">Newspapers.</subfield></datafield><datafield ind1=" " ind2="0" tag="651"><subfield code="a">Burke (Va.)</subfield><subfield code="v">Newspapers.</subfield></datafield><datafield ind1=" " ind2="7" tag="655"><subfield code="a">Newspapers.</subfield><subfield code="2">fast</subfield><subfield code="0">(OCoLC)fst01423814</subfield></datafield><datafield ind1=" " ind2="7" tag="651"><subfield code="a">Virginia</subfield><subfield code="z">Burke.</subfield><subfield code="2">fast</subfield><subfield code="0">(OCoLC)fst01256634</subfield></datafield><datafield ind1=" " ind2="7" tag="651"><subfield code="a">Virginia</subfield><subfield code="z">Fairfax County.</subfield><subfield code="2">fast</subfield><subfield code="0">(OCoLC)fst01204981</subfield></datafield><datafield ind1=" " ind2="7" tag="651"><subfield code="a">Virginia</subfield><subfield code="z">Springfield.</subfield><subfield code="2">fast</subfield><subfield code="0">(OCoLC)fst01203403</subfield></datafield><datafield ind1="1" ind2=" " tag="700"><subfield code="a">Arundel, Arthur.</subfield></datafield><datafield ind1="1" ind2=" " tag="700"><subfield code="a">Arundel, Peter.</subfield></datafield><datafield ind1=" " ind2=" " tag="752"><subfield code="a">United States</subfield><subfield code="b">Virginia</subfield><subfield code="c">Fairfax</subfield><subfield code="d">Springfield.</subfield></datafield><datafield ind1="1" ind2=" " tag="775"><subfield code="t">Reston times</subfield><subfield code="w">(DLC)sn 96095007</subfield></datafield><datafield ind1="1" ind2=" " tag="775"><subfield code="t">Herndon times</subfield><subfield code="w">(DLC)sn 98068214</subfield></datafield><datafield ind1="1" ind2=" " tag="775"><subfield code="t">Centreville times (Centreville, Va.)</subfield><subfield code="w">(DLC)sn 98068261</subfield></datafield><datafield ind1="1" ind2=" " tag="775"><subfield code="t">Chantilly times</subfield><subfield code="w">(DLC)sn2006060556</subfield></datafield><datafield ind1="1" ind2=" " tag="775"><subfield code="t">Springfield times courier</subfield><subfield code="w">(DLC)sn 98068257</subfield></datafield><datafield ind1="1" ind2=" " tag="775"><subfield code="t">Springfield times (Springfield, Va.)</subfield><subfield code="w">(DLC)sn 98068235</subfield></datafield><datafield ind1="1" ind2=" " tag="775"><subfield code="t">Loudoun times-mirror</subfield><subfield code="w">(DLC)sn 83004968</subfield></datafield><datafield ind1="1" ind2=" " tag="775"><subfield code="t">Eastern Loudoun times</subfield><subfield code="w">(DLC)sn2002061823</subfield></datafield><datafield ind1="1" ind2=" " tag="775"><subfield code="t">Fauquier times-democrat</subfield><subfield code="w">(DLC)sn 90002127</subfield></datafield><datafield ind1="1" ind2=" " tag="775"><subfield code="t">Vienna times (Vienna, Va.)</subfield><subfield code="w">(DLC)sn 98068225</subfield></datafield><datafield ind1="1" ind2=" " tag="775"><subfield code="t">Clarke courier (Berryville, Va.)</subfield><subfield code="w">(DLC)sn 85025371</subfield></datafield><datafield ind1="1" ind2=" " tag="775"><subfield code="t">Clarke times-courier</subfield><subfield code="w">(DLC)sn 97066021</subfield></datafield><datafield ind1="1" ind2=" " tag="775"><subfield code="t">Rappahannock news</subfield><subfield code="w">(DLC)sn 96095008</subfield></datafield><datafield ind1="1" ind2=" " tag="775"><subfield code="t">Providence journal and McLean times</subfield><subfield code="w">(DLC)sn 97066018</subfield></datafield><datafield ind1="1" ind2=" " tag="775"><subfield code="t">McLean times</subfield><subfield code="w">(DLC)sn 97066019</subfield></datafield><datafield ind1="1" ind2=" " tag="775"><subfield code="t">McLean times &amp; Providence journal</subfield><subfield code="w">(DLC)sn 98068353</subfield></datafield><datafield ind1="1" ind2=" " tag="775"><subfield code="t">Great Falls times</subfield><subfield code="w">(DLC)sn2004061584</subfield></datafield><datafield ind1="1" ind2=" " tag="775"><subfield code="t">Annandale times</subfield><subfield code="w">(DLC)sn2004061575</subfield></datafield><datafield ind1="1" ind2=" " tag="775"><subfield code="t">Gainesville times</subfield><subfield code="w">(DLC)sn2003061510</subfield></datafield><datafield ind1="1" ind2=" " tag="775"><subfield code="t">Fairfax times</subfield><subfield code="w">(DLC)sn2005061529</subfield></datafield><datafield ind1="1" ind2=" " tag="775"><subfield code="t">Fairfax Station times</subfield><subfield code="w">(DLC)sn2006060574</subfield></datafield><datafield ind1="1" ind2=" " tag="775"><subfield code="t">Loudoun Friday times</subfield><subfield code="w">(DLC)sn2004061533</subfield></datafield><datafield ind1="1" ind2=" " tag="777"><subfield code="t">Weekender (Reston, Va.)</subfield><subfield code="w">(DLC)sn 98068267</subfield></datafield><datafield ind1="1" ind2="7" tag="785"><subfield code="t">Fairfax Station times</subfield><subfield code="w">(DLC)sn2006060574</subfield></datafield><datafield ind1="1" ind2="7" tag="785"><subfield code="t">Springfield times</subfield><subfield code="w">(DLC)sn 98068235</subfield></datafield><datafield ind1="1" ind2="7" tag="785"><subfield code="t">Times (Springfield, Burke, Fairfax Station Edition)</subfield><subfield code="w">(DLC)sn2006060550</subfield></datafield></record>